@book{kn:Golub89,
    author = "Golub, G.H. and {Van Loan}, C.F.",
    title = "Matrix Computations",
    edition = "2nd",
    publisher = "Johns Hopkins University Press",
    address = "Baltimore",
    year = "1989",
    kwds = "la"
}

@book{kn:deCarlini91,
    author = "{de Carlini}, U. and Villano, U.",
    title = "Transputers and parallel architectures -- message-passing
              distributed systems",
    publisher = "Ellis Horwood",
    address = "Chichester",
    year = "1991",
    kwds = "par, arch, trans"
}

@book{kn:Modi88,
    author = "Modi, J.J.",
    title = "Parallel Algorithms and Matrix Computation",
    publisher = "Oxford University Press",
    address = "Oxford",
    year = "1988",
    kwds = "par, la"
}

@book{kn:Smith85,
    author = "Smith, G.D.",
    title = "Numerical Solution of Partial Differential Equations:
              Finite Difference Methods",
    edition = "3rd",
    publisher = "Oxford University Press",
    address = "Oxford",
    year = "1985",
    kwds = "pde"
}

@book{kn:Schofield89,
    author = "Schofield, C.F.",
    title = "Optimising {FORTRAN} programs",
    publisher = "Ellis Horwood Publishing",
    address = "Chichester",
    year = "1989",
    kwds = "lang, for"
}

@inbook{kn:daCunha92a,
    author = "{da Cunha}, R.D. and Hopkins, T.R.",
    title = "The Parallel Solution of Systems of Linear Equations using
              Iterative Methods on Transputer Networks",
    series = "Transputing for Numerical and Neural Network Applications",
    pages = "1-13",
    publisher = "IOS Press",
    address = "Amsterdam",
    year = "1992",
    note = "Also as Report No. 16/92, Computing Laboratory, University of Kent at Canterbury, U.K.",
    kwds = "par, iter"
}

@inbook{kn:daCunha92b,
    author = "{da Cunha}, R.D. and Hopkins, T.R.",
    title = "The Parallel Solution of Partial Differential Equations
              on Transputer Networks",
    series = "Transputing for Numerical and Neural Network Applications",
    pages = "96-109",
    publisher = "IOS Press",
    address = "Amsterdam",
    year = "1992",
    note = "Also as Report No. 17/92, Computing Laboratory, University of Kent at Canterbury, U.K.",
    kwds = "par, pde"
}

@misc{kn:Atkin,
    author = "Atkin, P.",
    title = "Performance Maximisation",
    howpublished = "INMOS Technical Note 17",
    kwds = "perf, trans, loop"
}

@article{kn:Saad85,
    author = "Saad, Y.",
    title = "Practical use of polynomial preconditionings for the
              {Conjugate Gradient} method",
    journal = "SIAM Journal of Scientific and Statistical Computing",
    volume = "6",
    pages = "865-881",
    year = "1985",
    kwds = "cg, precon, poly"
}

@article{kn:Eisenstat81,
    author = "Eisenstat, S.C.",
    title = "Efficient implementation of a class of preconditioned 
              {Conjugate Gradient} methods",
    journal = "SIAM Journal of Scientific and Statistical Computing",
    volume = "2",
    pages = "1-4",
    year = "1981",
    kwds = "cg, precon"
}

@article{kn:Adams85,
    author = "Adams, L.",
    title = "{m-Step} preconditioned {Gradient} methods",
    journal = "SIAM Journal of Scientific and Statistical Computing",
    volume = "6",
    pages = "452-463",
    year = "1985",
    kwds = "cg, precon, poly"
}

@article{kn:Johnson83,
    author = "Johnson, O.G. and Micchelli, C.A. and Paul, G.",
    title = "Polynomial preconditioners for {Conjugate Gradient} 
              calculations",
    journal = "SIAM Journal of Numerical Analysis",
    volume = "20",
    pages = "362-376",
    year = "1983",
    kwds = "cg, precon, poly"
}
