@inproceedings{flashfill,

  author = {Gulwani, Sumit},
  title = {Automating String Processing in Spreadsheets Using Input-output Examples},
  booktitle = {ACM SIGPLAN-SIGACT Symposium on Principles of Programming Languages},
  series = {POPL},
  year = {2011},
  pages = {317--330},
  publisher = {ACM},
  address = {New York, NY, USA},
} 

@article{sketch,
  author = {Solar-Lezama, Armando and Tancau, Liviu and Bodik, Rastislav and Seshia, Sanjit and Saraswat, Vijay},
  title = {Combinatorial Sketching for Finite Programs},
  journal = {SIGOPS Oper. Syst. Rev.},
  volume = {40},
  number = {5},
  month = {Oct},
  year = {2006},
  pages = {404--415},
  publisher = {ACM},
  address = {New York, NY, USA},
}

@TechReport{tabular,
  author       = {Andrew D. Gordon and Thore Graepel and Nicolas Rolland and Claudio Russo and Johannes Borgstrom and John Guiver},
  month        = {December},
  number       = {MSR-TR-2013-118},
  title        = {Tabular: A Schema-Driven Probabilistic Programming Language},
  url          = {http://research.microsoft.com/apps/pubs/default.aspx?id=204661},
  year         = {2013},
}

@Inbook{modelseeker,
  author={Beldiceanu, Nicolas
    and Simonis, Helmut},
  editor={Milano, Michela},
  chapter={A Model Seeker: Extracting Global Constraint Models from Positive Examples},
  title={Principles and Practice of Constraint Programming},
  year={2012},
  publisher={Springer Berlin Heidelberg},
  address={Berlin, Heidelberg},
  pages={141--157},
}

@article{claudien,
  author    = {Luc De Raedt and
    Luc Dehaspe},
  title     = {Clausal Discovery},
  journal   = {Machine Learning},
  volume    = {26},
  number    = {2-3},
  pages     = {99--146},
  year      = {1997},
}


@inproceedings{flashextract,
  author    = {Vu Le and
    Sumit Gulwani},
  title     = {FlashExtract: a framework for data extraction by examples},
  booktitle = {{ACM} {SIGPLAN} Conference on Programming Language Design and Implementation,
    {PLDI}},
  pages     = {55},
  year      = {2014},
}

@inproceedings{flashmeta,
  author    = {Oleksandr Polozov and Sumit Gulwani},
  title     = {FlashMeta: a framework for inductive program synthesis},
  booktitle = {Proceedings of the 2015 {ACM} {SIGPLAN} International Conference on
    Object-Oriented Programming},
  pages     = {107--126},
  year      = {2015},
}
@inproceedings{whaisasp,
  author    = {Vladimir Lifschitz},
  title     = {What Is Answer Set Programming?},
  booktitle = {{AAAI}},
  pages     = {1594--1597},
  year      = {2008},
}
@inproceedings{condensed,
  author    = {Luc De Raedt and
    Jan Ramon},
  title     = {Condensed Representations for Inductive Logic Programming},
  booktitle = {Principles of Knowledge Representation and Reasoning, KR},
  pages     = {438--446},
  year      = {2004},
}

@inproceedings{header,
  author    = {Jing Fang and
    Prasenjit Mitra and
      Zhi Tang and
      C. Lee Giles},
  title     = {Table Header Detection and Classification},
  booktitle = {{AAAI}},
  year      = {2012},
}

@misc{python_constraint,
  author = {Gustavo Niemeyer},
  howpublished = {\url{https://labix.org/python-constraint}},
}
@InProceedings{clingo,
  author =   {M. Gebser and R. Kaminski and B. Kaufmann and T. Schaub},
  title =    {\textit{Clingo} = {ASP} + Control: Preliminary Report},
  crossref =   {iclp-tc14},
  volume =   {arXiv:1405.3694v1},
  OPTnote =    {Available at \url{http://arxiv.org/abs/1405.3694v1}}
}

@Inbook{minizinc,
  author={Nethercote, Nicholas
    and Stuckey, Peter J.
      and Becket, Ralph
      and Brand, Sebastian
      and Duck, Gregory J.
      and Tack, Guido},
  editor={Bessi{\`e}re, Christian},
  chapter={MiniZinc: Towards a Standard CP Modelling Language},
  title={Principles and Practice of Constraint Programming},
  year={2007},
  publisher={Springer Berlin Heidelberg},
  address={Berlin, Heidelberg},
  pages={529--543},
}

@article{flaw_excel,
  author = {Herndon, Thomas and Ash, Michael and Pollin, Robert}, 
  title = {Does high public debt consistently stifle economic growth? A Critique of Reinhart and Rogoff},
  year = {2013}, 
  doi = {10.1093/cje/bet075}, 
  journal = {Cambridge Journal of Economics} 
}
@misc{spreadsheet_risk_loss,
  author = {The Guardian},
  year= {2014},
  howpublished = {\url{http://www.theguardian.com/media-network/media-network-blog/2013/apr/04/spreadsheet-risk-cyber-threat-finance}},
}
@book{luc_book,
  author = {De Raedt, Luc},
  title = {Logical and Relational Learning},
  year = {2008},
  publisher = {Springer-Verlag New York, Inc.},
} 
@book{excel_book,
  author = {Van den Broeck, Eddy and Cuypers, Erik},
  title = {MS Excel 2010},
  year = {2011},
  publisher = {Uitgeverij De Boeck},
} 
@inproceedings{Quacq,
  author    = {Christian Bessiere and
    Remi Coletta and
      Emmanuel Hebrard and
      George Katsirelos and
      Nadjib Lazaar and
      Nina Narodytska and
      Claude{-}Guy Quimper and
      Toby Walsh},
  title     = {Constraint Acquisition via Partial Queries},
  booktitle = {{IJCAI}},
  year      = {2013},
}

@inproceedings{Conacq,
  author    = {Christian Bessi{\`{e}}re and
    Remi Coletta and
      Fr{\'{e}}d{\'{e}}ric Koriche and
      Barry O'Sullivan},
  title     = {A {SAT}-Based Version Space Algorithm for Acquiring Constraint Satisfaction
    Problems},
  booktitle = {{ECML}}
  pages     = {23--34},
  year      = {2005},
}

@article{savnik,
  author    = {Iztok Savnik and
    Peter A. Flach},
  title     = {Discovery of multivalued dependencies from relations},
  journal   = {Intell. Data Anal.},
  volume    = {4},
  number    = {3-4},
  pages     = {195--211},
  year      = {2000},
}

@article{lallouet,
  author = {Lallouet, Arnaud and Lopez, Matthieu and Martin, Lionel and Vrain, Christel},
  journal = {ICTAI},
  number = {section II},
  pages = {45--52},
  title = {{On learning constraint problems}},
  volume = {1},
  year = {2010}
}
@article{BayesDB,
  author    = {Vikash K. Mansinghka and
    Richard Tibbetts and
      Jay Baxter and
      Patrick Shafto and
      Baxter Eaves},
  title     = {BayesDB: {A} probabilistic programming system for querying the probable
    implications of data},
  journal   = {CoRR},
  volume    = {abs/1512.05006},
}


@article{Mannila-Raiha,
  author    = {Heikki Mannila and
    Kari{-}Jouko R{\"{a}}ih{\"{a}}},
  title     = {Algorithms for Inferring Functional Dependencies from Relations},
  journal   = {DKE},
  volume    = {12},
  number    = {1},
  pages     = {83--99},
  year      = {1994},
}

@article{Isakowitz,
  author = {Isakowitz, Tom\'{a}s and Schocken, Shimon and Lucas,Jr., Henry C.},
  title = {Toward a Logical/Physical Theory of Spreadsheet Modeling},
  journal = {ACM Trans. Inf. Syst.},
  volume = {13},
  number = {1},
  month = {Jan},
  year = {1995},
  pages = {1--37},
  publisher = {ACM},
  address = {New York, NY, USA},
} 

@article{flach_dependency_discovery,
  author = {Flach, Peter A. and Savnik, Iztok},
  title = {Database Dependency Discovery: A Machine Learning Approach},
  journal = {AI Commun.},
  volume = {12},
  number = {3},
  month = aug,
  year = {1999},
  pages = {139--160},
  publisher = {IOS Press},
  address = {Amsterdam, The Netherlands, The Netherlands},
} 
@article{tane_dependency_discovery,
  title={TANE: An Efficient Algorithm for Discovering Functional and Approximate Dependencies},
  author={Yk{\"a} Huhtala and Juha K{\"a}rkk{\"a}inen and Pasi Porkka and Hannu Toivonen},
  journal={Comput. J.},
  year={1999},
  volume={42},
  pages={100-111}
}
@Inbook{equation_discovery,
  author={Todorovski, Ljup{\v{c}}o},
  editor={Sammut, Claude
    and Webb, Geoffrey I.},
  title={Equation Discovery},
  bookTitle={Encyclopedia of Machine Learning},
  year={2010},
  publisher={Springer US},
  address={Boston, MA},
  pages={327--330},
  isbn={978-0-387-30164-8},
  doi={10.1007/978-0-387-30164-8_258},
  url={http://dx.doi.org/10.1007/978-0-387-30164-8_258}
}

@techreport{growth_in_time_of_debt,
  title = {Growth in a Time of Debt},
  author = {Carmen M. Reinhart and Kenneth S. Rogoff},
  institution = {National Bureau of Economic Research},
  type = {Working Paper},
  series = {Working Paper Series},
  number = {15639},
  year = {2010},
  month = {January},
  doi = {10.3386/w15639},
  URL = {http://www.nber.org/papers/w15639},
}
